@article{xu2018powerful,
  title={How Powerful are Graph Neural Networks?},
  author={Xu, Keyulu and Hu, Weihua and Leskovec, Jure and Jegelka, Stefanie},
  journal={arXiv preprint arXiv:1810.00826},
  year={2018}
}
@inproceedings{grover2016node2vec,
  title={node2vec: Scalable feature learning for networks},
  author={Grover, Aditya and Leskovec, Jure}, booktitle={Proceedings of the 22nd ACM SIGKDD international conference on Knowledge discovery and data mining},
  pages={855--864},
  year={2016},
  organization={ACM}
}
@article{kipf2016semi,
  title={Semi-supervised classification with graph convolutional networks},
  author={Kipf, Thomas N and Welling, Max},
  journal={arXiv preprint arXiv:1609.02907},
  year={2016}
}
@inproceedings{hamilton2017inductive,
  title={Inductive representation learning on large graphs},
  author={Hamilton, Will and Ying, Zhitao and Leskovec, Jure},
  booktitle={Advances in Neural Information Processing Systems},
  pages={1024--1034},
  year={2017}
}
@article{viard2016computing,
  title={Computing maximal cliques in link streams},
  author={Viard, Tiphaine and Latapy, Matthieu and Magnien, Cl{\'e}mence},
  journal={Theoretical Computer Science},
  volume={609},
  pages={245--252},
  year={2016},
  publisher={Elsevier}
}
@inproceedings{danisch2018listing,
  title={Listing k-cliques in Sparse Real-World Graphs},
  author={Danisch, Maximilien and Balalau, Oana and Sozio, Mauro},
  booktitle={Proceedings of the 2018 World Wide Web Conference on World Wide Web},
  pages={589--598},
  year={2018},
  organization={International World Wide Web Conferences Steering Committee}
}
@article{blondel2008fast,
  title={Fast unfolding of communities in large networks},
  author={Blondel, Vincent D and Guillaume, Jean-Loup and Lambiotte, Renaud and Lefebvre, Etienne},
  journal={Journal of statistical mechanics: theory and experiment},
  volume={2008},
  number={10},
  pages={P10008},
  year={2008},
  publisher={IOP Publishing}
}
@article{nadeau2007survey,
  title={A survey of named entity recognition and classification},
  author={Nadeau, David and Sekine, Satoshi},
  journal={Lingvisticae Investigationes},
  volume={30},
  number={1},
  pages={3--26},
  year={2007},
  publisher={John Benjamins publishing company}
}
@inproceedings{latapy2014complex,
  title={Complex networks and link streams for the empirical analysis of large software},
  author={Latapy, Matthieu and Viard, Tiphaine},
  booktitle={International Conference on Applications and Theory of Petri Nets and Concurrency},
  pages={40--50},
  year={2014},
  organization={Springer}
}

@article{ouyang2018improving,
  title={Improving Explainable Recommendations with Synthetic Reviews},
  author={Ouyang, Sixun and Lawlor, Aonghus and Costa, Felipe and Dolog, Peter},
  journal={arXiv preprint arXiv:1807.06978},
  year={2018}
}
@inproceedings{Catherine:2016:PRU:2959100.2959131,
 author = {Catherine, Rose and Cohen, William},
 title = {Personalized Recommendations Using Knowledge Graphs: A Probabilistic Logic Programming Approach},
 booktitle = {Proceedings of the 10th ACM Conference on Recommender Systems},
 series = {RecSys '16},
 year = {2016},
 isbn = {978-1-4503-4035-9},
 location = {Boston, Massachusetts, USA},
 pages = {325--332},
 numpages = {8},
 url = {http://doi.acm.org/10.1145/2959100.2959131},
 doi = {10.1145/2959100.2959131},
 acmid = {2959131},
 publisher = {ACM},
 address = {New York, NY, USA},
 keywords = {graph based matrix factorization, knowledge graph based recommendations, probabilistic logic programming},
} 
@inproceedings{yu2014personalized,
  title={Personalized entity recommendation: A heterogeneous information network approach},
  author={Yu, Xiao and Ren, Xiang and Sun, Yizhou and Gu, Quanquan and Sturt, Bradley and Khandelwal, Urvashi and Norick, Brandon and Han, Jiawei},
  booktitle={Proceedings of the 7th ACM international conference on Web search and data mining},
  pages={283--292},
  year={2014},
  organization={ACM}
}
@inproceedings{soldano2018bi,
  title={Bi-Pattern Mining of Two Mode and Directed Networks},
  author={Soldano, Henry and Santini, Guillaume and Bouthinon, Dominique and Bary, Sophie and Lazega, Emmanuel},
  booktitle={Companion of the The Web Conference 2018 on The Web Conference 2018},
  pages={1287--1294},
  year={2018},
  organization={International World Wide Web Conferences Steering Committee}
}
@inproceedings{soldano2017hub,
  title={Hub-Authority Cores and Attributed Directed Network Mining},
  author={Soldano, Henry and Santini, Guillaume and Bouthinon, Dominique and Lazega, Emmanuel},
  booktitle={Tools with Artificial Intelligence (ICTAI), 2017 IEEE 29th International Conference on},
  pages={1120--1127},
  year={2017},
  organization={IEEE}
}
@inproceedings{benchettara2010supervised,
  title={Supervised machine learning applied to link prediction in bipartite social networks},
  author={Benchettara, Nesserine and Kanawati, Rushed and Rouveirol, Celine},
  booktitle={Advances in Social Networks Analysis and Mining (ASONAM), 2010 International Conference on},
  pages={326--330},
  year={2010},
  organization={IEEE}
}
@article{casazza2018multiple,
  title={The multiple vehicle balancing problem},
  author={Casazza, Marco and Ceselli, Alberto and Chemla, Daniel and Meunier, Fr{\'e}d{\'e}ric and Wolfler Calvo, Roberto},
  journal={Networks},
  volume={72},
  number={3},
  pages={337--357},
  year={2018},
  publisher={Wiley Online Library}
}
@article{koren2009matrix,
  title={Matrix factorization techniques for recommender systems},
  author={Koren, Yehuda and Bell, Robert and Volinsky, Chris},
  journal={Computer},
  number={8},
  pages={30--37},
  year={2009},
  publisher={IEEE}
}
@incollection{lang1995newsweeder,
  title={Newsweeder: Learning to filter netnews},
  author={Lang, Ken},
  booktitle={Machine Learning Proceedings 1995},
  pages={331--339},
  year={1995},
  publisher={Elsevier}
}
@inproceedings{burges2005learning,
  title={Learning to rank using gradient descent},
  author={Burges, Chris and Shaked, Tal and Renshaw, Erin and Lazier, Ari and Deeds, Matt and Hamilton, Nicole and Hullender, Greg},
  booktitle={Proceedings of the 22nd international conference on Machine learning},
  pages={89--96},
  year={2005},
  organization={ACM}
}
@inproceedings{milne2008learning,
  title={Learning to link with wikipedia},
  author={Milne, David and Witten, Ian H},
  booktitle={Proceedings of the 17th ACM conference on Information and knowledge management},
  pages={509--518},
  year={2008},
  organization={ACM}
}
@article{tsai2009intrusion,
  title={Intrusion detection by machine learning: A review},
  author={Tsai, Chih-Fong and Hsu, Yu-Feng and Lin, Chia-Ying and Lin, Wei-Yang},
  journal={Expert Systems with Applications},
  volume={36},
  number={10},
  pages={11994--12000},
  year={2009},
  publisher={Elsevier}
}
@article{chang2011libsvm,
  title={LIBSVM: a library for support vector machines},
  author={Chang, Chih-Chung and Lin, Chih-Jen},
  journal={ACM transactions on intelligent systems and technology (TIST)},
  volume={2},
  number={3},
  pages={27},
  year={2011},
  publisher={Acm}
}
@article{friedman2001greedy,
  title={Greedy function approximation: a gradient boosting machine},
  author={Friedman, Jerome H},
  journal={Annals of statistics},
  pages={1189--1232},
  year={2001},
  publisher={JSTOR}
}
@article{ackley1985learning,
  title={A learning algorithm for Boltzmann machines},
  author={Ackley, David H and Hinton, Geoffrey E and Sejnowski, Terrence J},
  journal={Cognitive science},
  volume={9},
  number={1},
  pages={147--169},
  year={1985},
  publisher={Elsevier}
}
@article{latapy2018stream,
  title={Stream graphs and link streams for the modeling of interactions over time},
  author={Latapy, Matthieu and Viard, Tiphaine and Magnien, Cl{\'e}mence},
  journal={Social Network Analysis and Mining},
  volume={8},
  number={1},
  pages={61},
  year={2018},
  publisher={Springer}
}
@article{holme2012temporal,
  title={Temporal networks},
  author={Holme, Petter and Saram{\"a}ki, Jari},
  journal={Physics reports},
  volume={519},
  number={3},
  pages={97--125},
  year={2012},
  publisher={Elsevier}
}
@article{gaumont2018reconstruction,
  title={Reconstruction of the socio-semantic dynamics of political activist Twitter networks—Method and application to the 2017 French presidential election},
  author={Gaumont, No{\'e} and Panahi, Maziyar and Chavalarias, David},
  journal={PloS one},
  volume={13},
  number={9},
  pages={e0201879},
  year={2018},
  publisher={Public Library of Science}
}
@book{cornuejols2011apprentissage,
  title={Apprentissage artificiel: concepts et algorithmes},
  author={Cornu{\'e}jols, Antoine and Miclet, Laurent},
  year={2011},
  publisher={Editions Eyrolles}
}
@article{viard2018augmenting,
  title={Augmenting content-based rating prediction with link stream features},
  author={Viard, Tiphaine and Fournier-S’niehotta, Rapha{\"e}l},
  journal={Computer Networks},
  year={2018},
  publisher={Elsevier}
}

@article{himmel2017adapting,
  title={Adapting the Bron--Kerbosch algorithm for enumerating maximal cliques in temporal graphs},
  author={Himmel, Anne-Sophie and Molter, Hendrik and Niedermeier, Rolf and Sorge, Manuel},
  journal={Social Network Analysis and Mining},
  volume={7},
  number={1},
  pages={35},
  year={2017},
  publisher={Springer}
}
@article{bron1973algorithm,
  title={Algorithm 457: finding all cliques of an undirected graph},
  author={Bron, Coen and Kerbosch, Joep},
  journal={Communications of the ACM},
  volume={16},
  number={9},
  pages={575--577},
  year={1973},
  publisher={ACM}
}
@article{viard2018enumerating,
  title={Enumerating maximal cliques in link streams with durations},
  author={Viard, Tiphaine and Magnien, Cl{\'e}mence and Latapy, Matthieu},
  journal={Information Processing Letters},
  volume={133},
  pages={44--48},
  year={2018},
  publisher={Elsevier}
}
@inproceedings{wilmet2018degree,
  title={Degree-based Outliers Detection within IP Traffic Modelled as a Link Stream},
  author={Wilmet, Audrey and Viard, Tiphaine and Latapy, Matthieu and Lamarche-Perrin, Robin},
  booktitle={2018 Network Traffic Measurement and Analysis Conference (TMA)},
  pages={1--8},
  year={2018},
  organization={IEEE}
}
@inproceedings{viard2018discovering,
  title={Discovering patterns of interest in IP traffic using cliques in bipartite link streams},
  author={Viard, Tiphaine and Fournier-S’niehotta, Rapha{\"e}l and Magnien, Cl{\'e}mence and Latapy, Matthieu},
  booktitle={International Workshop on Complex Networks},
  pages={233--241},
  year={2018},
  organization={Springer}
}

@misc{viard2018maximum,
  title={Maximum flow and minimum cut in stream graphs},
  author={Baffier, Jean-François and Maehara, Takanori and Viard, Tiphaine},
  year={2018},
  organization={Winter Festa, 4th edition}
}
@article{newman2004finding,
  title={Finding and evaluating community structure in networks},
  author={Newman, Mark EJ and Girvan, Michelle},
  journal={Physical review E},
  volume={69},
  number={2},
  pages={026113},
  year={2004},
  publisher={APS}
}
@inproceedings{viard2015revealing,
  title={Revealing contact patterns among high-school students using maximal cliques in link streams},
  author={Viard, Tiphaine and Latapy, Matthieu and Magnien, Cl{\'e}mence},
  booktitle={Advances in Social Networks Analysis and Mining (ASONAM), 2015 IEEE/ACM International Conference on},
  pages={1517--1522},
  year={2015},
  organization={IEEE}
}
@article{lamarche2018information,
  title={An Information-theoretic Framework for the Lossy Compression of Link Streams},
  author={Lamarche-Perrin, Robin},
  journal={Theoretical Computer Science},
  year={2018},
  publisher={Elsevier}
}
@inproceedings{rendle2010factorization,
  title={Factorization machines},
  author={Rendle, Steffen},
  booktitle={Data Mining (ICDM), 2010 IEEE 10th International Conference on},
  pages={995--1000},
  year={2010},
  organization={IEEE}
}

